
@article{khezri_customized_2022,
	title = {Customized {Quantum} {Annealing} {Schedules}},
	volume = {17},
	url = {https://link.aps.org/doi/10.1103/PhysRevApplied.17.044005},
	doi = {10.1103/PhysRevApplied.17.044005},
	number = {4},
	urldate = {2024-10-11},
	journal = {Physical Review Applied},
	author = {Khezri, Mostafa and Dai, Xi and Yang, Rui and Albash, Tameem and Lupascu, Adrian and Lidar, Daniel A.},
	month = apr,
	year = {2022},
	publisher = {American Physical Society},
	pages = {044005},
}

@article{perdomo-ortiz_protein_2012,
	title = {Finding low-energy conformations of lattice protein models by quantum annealing},
	volume = {2},
	issn = {2045-2322},
	url = {https://www.nature.com/articles/srep00571},
	doi = {10.1038/srep00571},
	number = {1},
	urldate = {2025-01-12},
	journal = {Scientific Reports},
	author = {Perdomo-Ortiz, Alejandro and Dickson, Neil and Drew-Brook, Marshall and Rose, Geordie and Aspuru-Guzik, Alán},
	month = aug,
	year = {2012},
	publisher = {Nature Publishing Group},
	pages = {571},
}

@article{inoue_traffic_2021,
	title = {Traffic signal optimization on a square lattice with quantum annealing},
	volume = {11},
	issn = {2045-2322},
	url = {https://www.nature.com/articles/s41598-021-82740-0},
	doi = {10.1038/s41598-021-82740-0},
	number = {1},
	urldate = {2025-01-12},
	journal = {Scientific Reports},
	author = {Inoue, Daisuke and Okada, Akihisa and Matsumori, Tadayoshi and Aihara, Kazuyuki and Yoshida, Hiroaki},
	month = feb,
	year = {2021},
	publisher = {Nature Publishing Group},
	pages = {3303},
}

@inproceedings{phillipson_portfolio_2021,
	address = {Cham},
	title = {Portfolio {Optimisation} {Using} the {D}-{Wave} {Quantum} {Annealer}},
	isbn = {978-3-030-77980-1},
	doi = {10.1007/978-3-030-77980-1_4},
	booktitle = {Computational {Science} -- {ICCS} 2021},
	publisher = {Springer International Publishing},
	author = {Phillipson, Frank and Bhatia, Harshil Singh},
	editor = {Paszynski, Maciej and Kranzlmüller, Dieter and Krzhizhanovskaya, Valeria V. and Dongarra, Jack J. and Sloot, Peter M. A.},
	year = {2021},
	pages = {45--59},
}

@misc{google,
	title = {Google {Quantum} {AI}},
	url = {https://quantumai.google/},
	urldate = {2025-01-12},
	journal = {Google Quantum AI},
}

@misc{ibm,
	title = {{IBM} {Quantum} {Computing}},
	url = {https://www.ibm.com/quantum/},
	urldate = {2025-01-12},
}

@book{owsinski_mixing_2017,
	title = {The {Mixing} {Engineer}'s {Handbook}},
	isbn = {978-0-9985033-4-9},
	publisher = {Bobby Owsinski Media Group},
	author = {Owsinski, Bobby},
	year = {2017},
}

@article{huang_towards_2012,
	title = {Towards an automatic music arrangement framework using score reduction},
	volume = {8},
	issn = {1551-6857},
	url = {https://dl.acm.org/doi/10.1145/2071396.2071404},
	doi = {10.1145/2071396.2071404},
	number = {1},
	urldate = {2024-12-05},
	journal = {ACM Trans. Multimedia Comput. Commun. Appl.},
	author = {Huang, Jiun-Long and Chiu, Shih-Chuan and Shan, Man-Kwan},
	month = feb,
	year = {2012},
	pages = {8:1--8:23},
}

@article{lucas_ising_2014,
	title = {Ising formulations of many {NP} problems},
	volume = {2},
	issn = {2296-424X},
	url = {https://www.frontiersin.org/journals/physics/articles/10.3389/fphy.2014.00005/full},
	doi = {10.3389/fphy.2014.00005},
	language = {English},
	urldate = {2024-10-14},
	journal = {Frontiers in Physics},
	author = {Lucas, Andrew},
	month = feb,
	year = {2014},
	note = {Publisher: Frontiers},
}

@article{born_beweis_1928,
	title = {Beweis des {Adiabatensatzes}},
	volume = {51},
	issn = {0044-3328},
	url = {https://doi.org/10.1007/BF01343193},
	doi = {10.1007/BF01343193},
	language = {de},
	number = {3},
	urldate = {2025-03-01},
	journal = {Zeitschrift für Physik},
	author = {Born, M. and Fock, V.},
	month = mar,
	year = {1928},
	pages = {165--180},
}

@article{cambouropoulos_lbdm_2011,
	title = {The {Local} {Boundary} {Detection} {Model} ({LBDM}) and its {Application} in the {Study} of {Expressive} {Timing}},
	issn = {2223-3881},
	journal = {International Computer Music Association},
	author = {Cambouropoulos, Emilios},
	year = {2011},
}

@misc{moses_computational_2016,
	title = {Computational {Complexity} of {Arranging} {Music}},
	url = {http://arxiv.org/abs/1607.04220},
	doi = {10.48550/arXiv.1607.04220},
	urldate = {2024-11-09},
	publisher = {arXiv},
	author = {Moses, William S. and Demaine, Erik D.},
	month = jul,
	year = {2016},
	note = {arXiv:1607.04220},
}

@article{johnson_quantum_2011,
	title = {Quantum annealing with manufactured spins},
	volume = {473},
	copyright = {2011 Springer Nature Limited},
	issn = {1476-4687},
	url = {https://www.nature.com/articles/nature10012},
	doi = {10.1038/nature10012},
	language = {en},
	number = {7346},
	urldate = {2025-01-06},
	journal = {Nature},
	author = {Johnson, M. W. and Amin, M. H. S. and Gildert, S. and Lanting, T. and Hamze, F. and Dickson, N. and Harris, R. and Berkley, A. J. and Johansson, J. and Bunyk, P. and Chapple, E. M. and Enderud, C. and Hilton, J. P. and Karimi, K. and Ladizinsky, E. and Ladizinsky, N. and Oh, T. and Perminov, I. and Rich, C. and Thom, M. C. and Tolkacheva, E. and Truncik, C. J. S. and Uchaikin, S. and Wang, J. and Wilson, B. and Rose, G.},
	month = may,
	year = {2011},
	note = {Publisher: Nature Publishing Group},
	pages = {194--198},
}

@inproceedings{li_entropy_2019,
	title = {Automatic {Piano} {Reduction} of {Orchestral} {Music} {Based} on {Musical} {Entropy}},
	url = {https://ieeexplore.ieee.org/document/8693036},
	doi = {10.1109/CISS.2019.8693036},
	urldate = {2024-12-27},
	booktitle = {2019 53rd {Annual} {Conference} on {Information} {Sciences} and {Systems} ({CISS})},
	author = {Li, You and Wilk, Christoph M. and Hori, Takeshi and Sagayama, Shigeki},
	month = mar,
	year = {2019},
	pages = {1--5},
}